@article{moore,
	author = {Gordon E. Moore},
	title = {Cramming More Components onto Integrated Circuits},
	year = {1965}
}

@book{cudabyexample,
	author = {Jason Sanders, Edward Kandrot},
	title = {CUDA by Example},
	year = {July 2010},
	publisher = {Addison-Wesley Professional}
}

@Thesis{kvantum_optim,
	author = {Király Zoltán},
	title = {Kvantummechanikai számítások optimalizálása},
	school = {Budapesti Műszaki Egyetem},
	type = {diplomaterv},
	year= {2022}
}

@Thesis{alg_optim,
	author = {Tóth Márk Andor},
	title = {Algoritmusok Optimalizálása GPU-n},
	school = {Budapesti Műszaki Egyetem},
	type = {diplomaterv},
	year = {2022}
}

@misc{CPUcores,
	title = {55th Anniversary of Moore's Law},
	howpublished = {\url{https://www.infoq.com/news/2020/04/Moores-law-55/}},
	note = {Accessed: 2020-04-27}
}

@misc{CUDAdoc,
	title = {CUDA C++ Programming Guide},
	howpublished = {\url{https://docs.nvidia.com/cuda/cuda-c-programming-guide/index.html}},
	note = {Accessed: 2020-04-27}
}

@misc{CUDAcoopgroups,
	title = {Cooperative Groups: Flexible CUDA Thread Programming},
	howpublished = {\url{https://developer.nvidia.com/blog/cooperative-groups/}},
	note = {Accessed: 2017-10-04}
}

@misc{implicitSzink,
	author = {Prof. Wu Feng},
	title = {To GPU Synchronize or Not GPU Synchronize?},
	howpublished = {\url{https://www.nvidia.com/content/GTC/documents/SC09_Feng.pdf}}
}

@misc{CoopGroupsGriddoc,
	title = {Cooperative Groups - Grid Synchronization},
	howpublished = {\url{https://docs.nvidia.com/cuda/cuda-c-programming-guide/index.html\#grid-synchronization}}
}

@misc{Thrust,
	title = {Thrust, the CUDA C++ template library},
	howpublished = {\url{https://docs.nvidia.com/cuda/thrust/}}
	
}

@misc{WolframAlpha,
	title = {Wolfram Alpha online calculator},
	howpublished = 
	{\url{https://www.wolframalpha.com}}
}

@misc{ComputeCap,
	title = {NVIDIA - Your GPU Compute Capability},
	howpublished = 
	{\url{https://developer.nvidia.com/cuda-gpus}}
}

@misc{TSPdataset,
	title = {Datasets fot Traveling Salesperson Problem - Florida State University},
	howpublished = 
	{\url{https://people.sc.fsu.edu/~jburkardt/datasets/tsp/tsp.html}}
}

@article{HeldKarp,
author = {Held, Michael and Karp, Richard M.},
title = {A Dynamic Programming Approach to Sequencing Problems},
journal = {Journal of the Society for Industrial and Applied Mathematics},
volume = {10},
number = {1},
pages = {196-210},
year = {1962},
doi = {10.1137/0110015},
URL = { 
        https://doi.org/10.1137/0110015},
eprint = { 
        https://doi.org/10.1137/0110015}

}